@book{weeks2001shape,
  title={The shape of space},
  author={Weeks, Jeffrey R},
  year={2001},
  publisher={CRC press}
}